
@misc{jwt-gfg,
  author = {{GeeksForGeeks}},
  title = {JSON Web Token (JWT)},
  urldate = {2025-04-14},
   url = {https://www.geeksforgeeks.org/json-web-token-jwt/}
}
@misc{vanthoi-github,
  author = {{vanthoi08}},
  title = {Java-Spring-REST-Ultimate-For-Beginners},
  urldate = {2025-05-09},
   url = {https://github.com/vanthoi08/Java-Spring-REST-Ultimate-For-Beginners}
}

@misc{hoidanit-restful,
  author = {{Hỏi dân IT}},
  title = {Java Spring RESTful APIs – Xây Dựng Backend với Spring Boot},
  urldate = {2025-05-09},
   url = {https://freestudy247.com/courses/java-spring-restful-apis-xay-dung-backend-voi-spring-boot/}
}
@misc{react-docs,
  author = {{React Docs}},
  title = {Learn React},
  urldate = {2025-05-09},
   url = {https://react.dev/learn}
}
@misc{antd-docs,
  author = {{Ant Design}},
  title = {Components Overview - Ant Design},
  urldate = {2025-05-09},
   url = {https://ant.design/components/overview/}
}


